%YAML 1.1
%TAG !u! tag:unity3d.com,2011:
--- !u!1 &100000
GameObject:
  m_ObjectHideFlags: 0
  m_PrefabParentObject: {fileID: 0}
  m_PrefabInternal: {fileID: 100100000}
  serializedVersion: 4
  m_Component:
  - 4: {fileID: 400000}
  - 114: {fileID: 11400000}
  - 82: {fileID: 8200000}
  m_Layer: 0
  m_Name: AudioClipObject
  m_TagString: Untagged
  m_Icon: {fileID: 0}
  m_NavMeshLayer: 0
  m_StaticEditorFlags: 0
  m_IsActive: 1
--- !u!4 &400000
Transform:
  m_ObjectHideFlags: 1
  m_PrefabParentObject: {fileID: 0}
  m_PrefabInternal: {fileID: 100100000}
  m_GameObject: {fileID: 100000}
  m_LocalRotation: {x: 0, y: 0, z: 0, w: 1}
  m_LocalPosition: {x: 0, y: 0, z: 0}
  m_LocalScale: {x: 1, y: 1, z: 1}
  m_Children: []
  m_Father: {fileID: 0}
--- !u!82 &8200000
AudioSource:
  m_ObjectHideFlags: 1
  m_PrefabParentObject: {fileID: 0}
  m_PrefabInternal: {fileID: 100100000}
  m_GameObject: {fileID: 100000}
  m_Enabled: 1
  serializedVersion: 3
  m_audioClip: {fileID: 8300000, guid: 4af61267f75514f10a6dd808e6b939c4, type: 3}
  m_PlayOnAwake: 0
  m_Volume: 1
  m_Pitch: 2.92000008
  Loop: 0
  Mute: 0
  Priority: 128
  DopplerLevel: 0
  MinDistance: 1
  MaxDistance: 500
  Pan2D: 0
  rolloffMode: 1
  BypassEffects: 0
  BypassListenerEffects: 0
  BypassReverbZones: 0
  rolloffCustomCurve:
    serializedVersion: 2
    m_Curve:
    - time: .00200000009
      value: 1
      inSlope: -500.200928
      outSlope: -500.200928
      tangentMode: 0
    - time: .00400000019
      value: .5
      inSlope: -125.050232
      outSlope: -125.050232
      tangentMode: 0
    - time: .0160000008
      value: .125
      inSlope: -7.8156395
      outSlope: -7.8156395
      tangentMode: 0
    - time: .0320000015
      value: .0625
      inSlope: -1.95390987
      outSlope: -1.95390987
      tangentMode: 0
    - time: .064000003
      value: .03125
      inSlope: -.488477468
      outSlope: -.488477468
      tangentMode: 0
    - time: .128000006
      value: .015625
      inSlope: -.122119367
      outSlope: -.122119367
      tangentMode: 0
    - time: .256000012
      value: .0078125
      inSlope: -.0305298418
      outSlope: -.0305298418
      tangentMode: 0
    - time: .395640433
      value: .348484844
      inSlope: -31.262558
      outSlope: -31.262558
      tangentMode: 0
    - time: .512000024
      value: .00390625
      inSlope: -.00763246045
      outSlope: -.00763246045
      tangentMode: 0
    - time: 1
      value: .00200000009
      inSlope: -.00200079847
      outSlope: -.00200079847
      tangentMode: 0
    m_PreInfinity: 2
    m_PostInfinity: 2
  panLevelCustomCurve:
    serializedVersion: 2
    m_Curve:
    - time: .383419693
      value: .722222209
      inSlope: 0
      outSlope: 0
      tangentMode: 0
    m_PreInfinity: 2
    m_PostInfinity: 2
  spreadCustomCurve:
    serializedVersion: 2
    m_Curve:
    - time: 0
      value: .229166627
      inSlope: 0
      outSlope: 0
      tangentMode: 0
    m_PreInfinity: 2
    m_PostInfinity: 2
--- !u!114 &11400000
MonoBehaviour:
  m_ObjectHideFlags: 1
  m_PrefabParentObject: {fileID: 0}
  m_PrefabInternal: {fileID: 100100000}
  m_GameObject: {fileID: 100000}
  m_Enabled: 1
  m_EditorHideFlags: 0
  m_Script: {fileID: 11500000, guid: 096dc326e619b4ffc8d197af0e47a4df, type: 3}
  m_Name: 
  m_EditorClassIdentifier: 
--- !u!1001 &100100000
Prefab:
  m_ObjectHideFlags: 1
  serializedVersion: 2
  m_Modification:
    m_TransformParent: {fileID: 0}
    m_Modifications: []
    m_RemovedComponents: []
  m_ParentPrefab: {fileID: 0}
  m_RootGameObject: {fileID: 100000}
  m_IsPrefabParent: 1
  m_IsExploded: 1
